000041181 FMT   L BK
000041181 LDR   L ^^^^^cam^a2200733zi^4500
000041181 001   L 000041181
000041181 005   L 20160203051905.0
000041181 008   L 861111s1986^^^^fi^||||||||||||||||bfin||
000041181 015   L $$afx86304$$2skl
000041181 020   L $$a951-622-360-5$$qnidottu
000041181 035   L $$a(FI-MELINDA)000041181
000041181 040   L $$aFI-NL
000041181 0411  L $$afin$$heng
000041181 042   L $$afinb
000041181 080   L $$a929 Roseveare,Helen
000041181 080   L $$a929 Roseveare$$9FENNI<KEEP>
000041181 080   L $$a26$$9FENNI<KEEP>
000041181 084   L $$a99.1*$$2ykl
000041181 084   L $$a99.15$$2ykl
000041181 084   L $$a26.2$$2ykl
000041181 084   L $$a99.12$$2ykl
000041181 1001  L $$aBurgess, Alan.
000041181 24510 L $$aHelen Roseveare :$$bauringon täytyy nousta /$$cAlan Burgess ; [englannin kielestä suom. Oili Aho].
000041181 260   L $$aHämeenlinna :$$bPäivä,$$c1986$$e(Jyväskylä :$$fGummerus)
000041181 300   L $$a223, [1] s. :$$bmuotokuva ;$$c21 cm
000041181 336   L $$ateksti$$btxt$$2rdacontent
000041181 337   L $$akäytettävissä ilman laitetta$$bn$$2rdamedia
000041181 338   L $$anide$$bnc$$2rdacarrier
000041181 500   L $$aENGL. ALKUTEOS: DAYLIGHT MUST COME.
000041181 500   L $$aSELKÄNIMEKE: AURINGON TÄYTYY NOUSTA.
000041181 60014 L $$aRoseveare, Helen.$$9FENNI<KEEP>
000041181 650 7 L $$amuistelmat$$zAfrikka$$2ysa
000041181 650 7 L $$amuistelmat$$xlääkärit$$2ysa
000041181 650 7 L $$amuistelmat$$xlähetystyöntekijät$$2ysa
000041181 650 7 L $$alähetystyö$$zKongo$$2ysa
000041181 651 7 L $$aAfrika$$2allars
000041181 651 7 L $$aKongo$$2allars
000041181 7001  L $$aAho, Oili,$$ekääntäjä.
000041181 7400  L $$aAuringon täytyy nousta.
