000419615 FMT   L BK
000419615 LDR   L 00000cam^a2200757^i^4500
000419615 001   L 000419615
000419615 005   L 20160907160559.0
000419615 008   L 060622s2006^^^^fi^|||||||||||||||||fin|^
000419615 015   L $$afx829017$$2skl
000419615 020   L $$a951-9486-02-X$$qnidottu
000419615 035   L $$a(FI-MELINDA)000419615
000419615 040   L $$aFI-NL
000419615 0411  L $$afin$$heng
000419615 042   L $$afinb
000419615 080   L $$a003$$9FENNI<KEEP>
000419615 080   L $$a78$$9FENNI<KEEP>
000419615 084   L $$a38.553$$2ykl$$9FENNI<KEEP>
000419615 084   L $$a78.27$$2ykl$$9FENNI<KEEP>
000419615 084   L $$2ykl
000419615 1300  L $$aNew international manual of Braille music notation.
000419615 24510 L $$aPisteet 2000 :$$buusi kansainvälinen pistenuottikirjoituksen käsikirja /$$ctoimittanut Bettye Krolick ; suomentaneet Outi Jyrhämä, Oili Piippo ja Raimo Tanskanen.
000419615 260   L $$aHelsinki :$$bBraille-neuvottelukunta :$$bCelia, näkövammaisten kirjasto,$$c2006$$f(Edita)
000419615 300   L $$aXVI, 278 s. :$$bnuotteja ;$$c30 cm
000419615 336   L $$ateksti$$btxt$$2rdacontent
000419615 337   L $$akäytettävissä ilman laitetta$$bn$$2rdamedia
000419615 338   L $$anide$$bnc$$2rdacarrier
000419615 4901  L $$aBraille-neuvottelukunnan julkaisuja ;$$v2
000419615 650 7 L $$apistekirjoitus$$2ysa$$9FENNI<KEEP>
000419615 650 7 L $$anuottikirjoitus$$2ysa$$9FENNI<KEEP>
000419615 650 7 L $$anäkövammaiset$$2ysa$$9FENNI<KEEP>
000419615 650 7 L $$asokeat$$2ysa$$9FENNI<KEEP>
000419615 7001  L $$aKrolick, Bettye.
000419615 7001  L $$aJyrhämä, Outi.
000419615 7001  L $$aPiippo, Oili.
000419615 7001  L $$aTanskanen, Raimo,$$d1937-
000419615 7102  L $$aBraille-neuvottelukunta.
000419615 7102  L $$aCelia - Näkövammaisten kirjasto.
000419615 7400  L $$aUusi kansainvälinen pistenuottikirjoituksen käsikirja.
000419615 830 0 L $$aBraille-neuvottelukunnan julkaisuja ;$$v2.
000419615 830 0 L $$aBraille-delegationens publikationer,$$x1457-6589 ;$$v2.
000419615 901   L $$aMU20060811$$5FENNI
000419615 901   L $$bLUOK, SISKUV$$5FENNI$$c20150629150759.0
