002717173 FMT   L BK
002717173 LDR   L ^^^^^cam^a22005892i^4500
002717173 001   L 002717173
002717173 005   L 20151228170259.0
002717173 008   L 971007s1909^^^^fi^|||||||||||||||||fin||
002717173 015   L $$af426856$$2skl
002717173 035   L $$a(FI-MELINDA)002717173
002717173 040   L $$aFI-NL
002717173 0411  L $$afin$$hund
002717173 042   L $$afinb
002717173 080   L $$a330
002717173 084   L $$a36.07$$2ykl
002717173 1001  L $$aWestergaard, Harald Ludvig.
002717173 24510 L $$aKansantaloustieteen pääpiirteet /$$cHarald Westergaard.
002717173 260   L $$aPorvoo :$$bWSOY,$$c1909.
002717173 300   L $$aVII, [1], 203 s.
002717173 336   L $$ateksti$$btxt$$2rdacontent
002717173 337   L $$akäytettävissä ilman laitetta$$bn$$2rdamedia
002717173 338   L $$anide$$bnc$$2rdacarrier
002717173 500   L $$aAlkuteos : Nationalökonimien i hovedtraek.
002717173 500   L $$aSuomennos$$9FENNI<KEEP>
002717173 563   L $$aSidottu.
002717173 650 7 L $$akansantaloustiede$$2ysa
002717173 653   L $$akansantaloustiede
002717173 653   L $$aEconomic science
